

@book{agresti2007introduction,
  title={{An introduction to categorical data analysis}},
  author={Agresti, A.},
  year={2007},
  publisher={Wiley-Blackwell}
}

@article{pearson2008interpret,
  title={{How to interpret a genome-wide association study}},
  author={Pearson, T.A. and Manolio, T.A.},
  journal={JAMA},
  volume={299},
  number={11},
  pages={1335},
  year={2008},
  publisher={Am Med Assoc}
}

@article{balding2006tutorial,
  title={{A tutorial on statistical methods for population association studies}},
  author={Balding, D.J.},
  journal={Nature Reviews Genetics},
  volume={7},
  number={10},
  pages={781--791},
  year={2006},
  publisher={Nature Publishing Group}
}

@book{wasserman2004all,
  title={{All of statistics: a concise course in statistical inference}},
  author={Wasserman, L.},
  year={2004},
  publisher={Springer Verlag}
}