
@article{slatkin2008linkage,
  title={{Linkage disequilibrium---understanding the evolutionary past and mapping the medical future}},
  author={Slatkin, M.},
  journal={Nature Reviews Genetics},
  volume={9},
  number={6},
  pages={477--485},
  year={2008},
  publisher={Nature Publishing Group}
}

@article{devlin1995comparison,
  title={{A comparison of linkage disequilibrium measures for fine-scale mapping}},
  author={Devlin, B. and Risch, N.},
  journal={Genomics},
  volume={29},
  number={2},
  pages={311--322},
  year={1995},
  publisher={San Diego: Academic Press, c1987-}
}

@article{barrett2005haploview,
  title={{Haploview: analysis and visualization of LD and haplotype maps}},
  author={Barrett, JC and Fry, B. and Maller, J. and Daly, MJ},
  journal={Bioinformatics},
  volume={21},
  number={2},
  pages={263},
  year={2005},
  publisher={Oxford Univ Press}
}