
@article{price2010new,
  title={{New approaches to population stratification in genome-wide association studies}},
  author={Price, A.L. and Zaitlen, N.A. and Reich, D. and Patterson, N.},
  journal={Nature Reviews Genetics},
  volume={11},
  number={7},
  pages={459--463},
  year={2010},
  publisher={Nature Publishing Group}
}

@article{price2006principal,
  title={{Principal components analysis corrects for stratification in genome-wide association studies}},
  author={Price, A.L. and Patterson, N.J. and Plenge, R.M. and Weinblatt, M.E. and Shadick, N.A. and Reich, D.},
  journal={Nature genetics},
  volume={38},
  number={8},
  pages={904--909},
  year={2006},
  publisher={Nature Publishing Group}
}

@article{alexander2009fast,
  title={{Fast model-based estimation of ancestry in unrelated individuals}},
  author={Alexander, D.H. and Novembre, J. and Lange, K.},
  journal={Genome research},
  volume={19},
  number={9},
  pages={1655},
  year={2009},
  publisher={Cold Spring Harbor Lab}
}
